<?xml version="1.0" encoding="UTF-8"?><collection xmlns="http://www.loc.gov/MARC21/slim"><record><leader>00439nam--2200145-i-4500</leader><controlfield tag="001">000047784</controlfield><controlfield tag="002">20161230</controlfield><controlfield tag="005">20161230201046</controlfield><controlfield tag="008">060222s1000------------r-----000-0-eng-d</controlfield><datafield ind1=" " ind2=" " tag="080"><subfield code="a">517.518.15(043)</subfield></datafield><datafield ind1="1" ind2=" " tag="100"><subfield code="a">Yger, Alain</subfield></datafield><datafield ind1="1" ind2="0" tag="245"><subfield code="a">Fonctions moyenne-periodiques de deux variables et systemes d`equations differentielle. these</subfield></datafield><datafield ind1=" " ind2=" " tag="260"><subfield code="a">Orsay, Univ.Paris-sud, 1982, /P.Dif.</subfield></datafield><datafield ind1=" " ind2=" " tag="852"><subfield code="a">71143</subfield><subfield code="c">517.5</subfield></datafield><datafield ind1=" " ind2=" " tag="CAT"><subfield code="a">Sys</subfield><subfield code="c">20080811</subfield><subfield code="h">141710</subfield></datafield></record></collection>